=LDR  02208 am a22004815a 4500
=001  017441470
=003  Uk
=005  20200626190541.0
=007  cr\mn\024mpada
=008  891228s1867\\\\gw\\\\\|s\\\\\00|\0|ger\\
=FMT  \\$a  BK
=019  x\$a2723670228
=040  \\$aUk$beng$cUk
=100  1\$aReichard, Max.
=245  10$aErinnerungen eines evangelischen Feldpredigers im französischen Lager vor Sewastopol 1855-1856 /$bvon Max Reichard.
=264  \1$aBielefeld ;$aLeipzig :$bVelhagen & Klasing,$c1867.
=300  \\$a177 pages ;$c(8º)
=336  \\$atext$2rdacontent
=337  \\$acomputer$2rdamedia
=338  \\$aonline$2rdacarrier
=650  \0$aCrimean War, 1853-1856$vPersonal narratives.
=752  \\$aGermany$dBielefeld.
=752  \\$aGermany$dLeipzig.
=856  4\$3Volltext // 2010 digitalisiert von: Bayerische Staatsbibliothek, München. Exemplar der Bayerischen Staatsbibliothek mit der Signatur: Eur. 641 h$uhttp://www.mdz-nbn-resolving.de/urn/resolver.pl?urn=urn:nbn:de:bvb:12-bsb10618279-3$xResolving-System$zkostenfrei
=856  41$uhttp://books.google.co.uk/books?vid=BL:A0019150890$yGoogle_Books
=859  \\$aXLD$bGOOGLEBOOKS
=852  4\$cDRT$jDigital Store 4887.b.44.$aBritish Library$bHMNTS
=985  \\$aCorrected by BSS-generated file for WR# 11/012
=985  \\$aCorrected by MS generated file for WR# 1805-0738
=CAT  \\$aBATCH-DCW$b00$c20150712$lBLL01$h0201
=CAT  \\$aWR15_122$c20151024$lBLL01$h1942
=CAT  \\$aR1710-0956$b00$c20171020$lBLL01$h1825
=CAT  \\$aBATCH-UPD$b00$c20171020$lBLL01$h1910
=CAT  \\$a1805-0738$c20190104$lBLL01$h1812
=CAT  \\$a1805-0738$b00$c20190104$lBLL01$h1853
=CAT  \\$aW2001-2376$c20200626$lBLL01$h1905
=FIN  \\$aY$d20150712
=LKR  \\$aPAR$lBLL01$r776$b003063955$mErinnerungen eines evangelischen Feldpredigers im französischen Lager vor Sewastopol 1855-1856 / von Max Reichard.$nErinnerungen eines evangelischen Feldpredigers im französischen Lager vor Sewastopol 1855-1856 / von Max Reichard.
=DGM  \\$a003063955$bCatBridge variable field
=DRT  \\$aGOOGLEBOOKS
=SRC  \\$aGOOGLEBOOKS$bGoogleBooks_20150711
=OHC  \\$a1
=LAS  \\$aW2001-2376$b00$c20200626$lBLL01$h1905

