=LDR  02114 am a2200541 a 4500
=001  017169564
=003  Uk
=005  20150424020147.0
=006  m\\\\\\\\u\\\\\\\\
=007  cr\mn\024mpada
=008  850828s1866\\\\gw\\\\\\sb\\\\000\0\ger\\
=FMT  \\$a  BK
=010  \\$a85198405
=019  x\$a0900970219
=024  7\$aurn:nbn:de:bvb:12-bsb10570358-2$2urn
=035  \\$a(OCoLC)27388018$z(OCoLC)6452760
=040  \\$aUk$cUk$dUk
=042  \\$aukblsr
=043  \\$aa-is---
=050  00$aBM656$b.D97 1866
=082  04$a296.3$2DDC22ger
=100  1\$aDuschak, M.$q(Moritz),$d1815-1890.
=245  10$aGeschichte und Darstellung des jüdischen Cultus /$cM. Duschak.
=260  \\$aMannheim :$bJ. Schneider,$c1866.
=300  \\$axvi, 401 p. ;$c22 cm.
=336  \\$atext$2rdacontent
=337  \\$acomputer$2rdamedia
=338  \\$aonline$2rdacarrier
=504  \\$aIncludes bibliographical references.
=610  20$aTemple of Jerusalem (Jerusalem)
=650  \0$aJudaism$xLiturgy.
=650  \0$aSacrifice$xBiblical teaching.
=650  \0$aWorship in the Bible.
=856  4\$3Volltext // 2010 digitalisiert von: Bayerische Staatsbibliothek, München. Exemplar der Bayerischen Staatsbibliothek mit der Signatur: Jud. 20 fc$uhttp://www.mdz-nbn-resolving.de/urn/resolver.pl?urn=urn:nbn:de:bvb:12-bsb10570358-2$xResolving-System$zkostenfrei
=856  41$uhttp://books.google.co.uk/books?vid=BL:A0019032976$yGoogle_Books
=859  \\$aXLD$bGOOGLEBOOKS
=852  4\$cDRT$jDigital Store 4034.g.13.$aBritish Library$bHMNTS
=985  \\$aCorrected by BSS-generated file for WR# 10/107
=CAT  \\$aBATCH-DCW$b00$c20150424$lBLL01$h0201
=CAT  \\$aWR15_122$c20151024$lBLL01$h1932
=CAT  \\$aBATCH-UPD$b00$c20180412$lBLL01$h1112
=FIN  \\$aY$d20150424
=LKR  \\$aPAR$lBLL01$r776$b001016969$mGeschichte und Darstellung des jüdischen Cultus /$nGeschichte und Darstellung des jüdischen Cultus /
=DGM  \\$a001016969$bCatBridge variable field
=DRT  \\$aGOOGLEBOOKS
=SRC  \\$aGOOGLEBOOKS$bGoogleBooks_20150423
=OHC  \\$a1
=LAS  \\$aBATCH-UPD$b00$c20180412$lBLL01$h1112

