=LDR  02622 am a22004933  4500
=001  016792140
=003  Uk
=005  20140721020235.0
=007  cr\mn\024mpada
=008  120523m18431850ru\a\\\\s\\\\\000\0\rusod
=FMT  \\$a  BK
=019  x\$a2730460160
=035  \\$a(OCoLC)794223686
=040  \\$aOCLCE$beng$cOCLCE$dOCLCO$dOCLCQ$dUk
=100  1\$aReĭneke, Mikhail,$d1801-1859.
=245  10$6880-01$aGidrograficheskoe opisanīe si︠e︡vernago berega Rossīi :$bk atlasu izdannomu ot Gidrograficheskago depo Glavnago morskago shtaba Ego Imp. Velichestva, v 1833 i 1834 gg.
=246  3\$aGidrograficheskoe opisanie severnogo berega Rossii
=264  \1$aS.-Peterburg :$bV Morskoĭ tip,$c1843-50.
=300  \\$a2 volumes :$billustrations ;$c27 cm
=336  \\$atext$2rdacontent
=337  \\$acomputer$2rdamedia
=338  \\$aonline$2rdacarrier
=340  \\$m4to$2rdabf
=500  \\$aV. 1 published in 1850.
=505  0\$ach. 1. Bi︠e︡loe More -- ch. 2. Opisanīe laplandskago berega.
=650  \0$aHydrography$zRussia (Federation)$zWhite Sea.
=776  1\$cOriginal$w(OCoLC)40252382
=856  40$3Google$uhttp://books.google.com/books?id=m-kxAQAAMAAJ
=856  40$3HathiTrust Digital Library Full view$uhttp://catalog.hathitrust.org/api/volumes/oclc/40252382.html
=856  41$uhttp://books.google.com/books?vid=BL:A0018031918$yGoogle_Books
=859  \\$aXLD$bGOOGLEBOOKS
=880  01$6245-10$aГидрографическое описаніе Сѣвернаго берега Россіи :$bкъ атласу изданному отъ Гидрографическаго Депо Главнаго Морскаго Штаба Его Имп. Величества, въ 1833 и 1834 годахъ.
=852  4\$cDRT$jDigital Store 10497.g.4.$aBritish Library$bHMNTS
=985  \\$aCorrected by MS generated file for WR# 1805-0738
=CAT  \\$aBATCH-DCW$b00$c20140721$lBLL01$h0202
=CAT  \\$a1805-0738$c20181228$lBLL01$h1843
=CAT  \\$a1805-0738$b00$c20181228$lBLL01$h1927
=FIN  \\$aY$d20140721
=LKR  \\$aPAR$lBLL01$r776$b003067781$mGidrograficheskoe opisanīe si︠e︡vernago berega Rossīi : k atlasu izdannomu ot Gidrograficheskago depo Glavnago morskago shtaba Ego Imp. Velichestva, v 1833 i 1834 gg.$nGidrograficheskoe opisanīe si︠e︡vernago berega Rossīi : k atlasu izdannomu ot Gidrograficheskago depo Glavnago morskago shtaba Ego Imp. Velichestva, v 1833 i 1834 gg.
=DGM  \\$a003067781$bCatBridge variable field
=DRT  \\$aGOOGLEBOOKS
=SRC  \\$aGOOGLEBOOKS$bGoogleBooks_20140720
=OHC  \\$a1
=LAS  \\$a1805-0738$b00$c20181228$lBLL01$h1927

