=LDR  01621 am a22004095a 4500
=001  017003094
=003  Uk
=005  20150107020152.0
=007  cr\mn\024mpada
=008  890127s1814\\\\gw\b\\\|s\\\\\00|\0|ger\\
=FMT  \\$a  BK
=019  x\$a1753510244
=040  \\$aUk$beng$cUk
=043  \\$aa-gs---
=050  \4$aDK511.G3$bK48
=100  1\$aKlaproth, Julius von,$d1783-1835.
=245  10$aBeschreibung der Russischen Provinzen zwischen dem Kaspischen und Schwarzen Meere /$cvon Julius v. Klaproth ...
=260  \\$aBerlin :$bMaurer,$c1814.
=300  \\$a2 p. l., [3]-269, [1] p. :$bfold. map ;$c17 cm.
=336  \\$atext$2rdacontent
=337  \\$acomputer$2rdamedia
=338  \\$aonline$2rdacarrier
=651  \0$aGeorgia (Republic)$xDescription and travel.
=752  \\$aGermany$dBerlin.
=856  40$3HathiTrust Digital Library Full view$uhttp://catalog.hathitrust.org/api/volumes/oclc/26670707.html
=856  41$uhttp://books.google.com/books?vid=BL:A0018283606$yGoogle_Books
=859  \\$aXLD$bGOOGLEBOOKS
=852  4\$cDRT$jDigital Store 10292.b.25.$aBritish Library$bHMNTS
=CAT  \\$aBATCH-DCW$b00$c20150107$lBLL01$h0201
=CAT  \\$aWR15_122$c20151024$lBLL01$h1914
=FIN  \\$aY$d20150107
=LKR  \\$aPAR$lBLL01$r776$b001980379$mBeschreibung der Russischen Provinzen zwischen dem Kaspischen und Schwarzen Meere /$nBeschreibung der Russischen Provinzen zwischen dem Kaspischen und Schwarzen Meere /
=DGM  \\$a001980379$bCatBridge variable field
=DRT  \\$aGOOGLEBOOKS
=SRC  \\$aGOOGLEBOOKS$bGoogleBooks_20150106
=OHC  \\$a1
=LAS  \\$aWR15_122$b00$c20151024$lBLL01$h1914

