=LDR  01512 am a22004215a 4500
=001  017167940
=003  Uk
=005  20150423020247.0
=007  cr\mn\024mpada
=008  871118s1857\\\\gw\\\\\|s\\\\\00|\0|ger\\
=FMT  \\$a  BK
=019  x\$a0231450249
=040  \\$aUk$beng$cUk
=050  \4$aPJ5120$b.B392j
=100  1\$aBeer, B.$q(Bernhard),$d1801-1861.
=245  10$aJüdische Literaturbriefe /$cvon B. Beer.
=260  \\$aLeipzig :$bH. Hunger,$c1857.
=300  \\$aiv, 94 pages ;$c20 cm
=336  \\$atext$2rdacontent
=337  \\$acomputer$2rdamedia
=338  \\$aonline$2rdacarrier
=650  \0$aJewish literature$xHistory and criticism.
=752  \\$aGermany$dLeipzig.
=856  40$3HathiTrust Digital Library Full view$uhttp://catalog.hathitrust.org/api/volumes/oclc/3958714.html
=856  41$uhttp://books.google.co.uk/books?vid=BL:A0019032905$yGoogle_Books
=859  \\$aXLD$bGOOGLEBOOKS
=852  4\$cDRT$jDigital Store 4034.e.10.$aBritish Library$bHMNTS
=985  \\$aCorrected by BSS-generated file for WR# 11/048
=CAT  \\$aBATCH-DCW$b00$c20150423$lBLL01$h0202
=CAT  \\$aBATCH-UPD$b00$c20150423$lBLL01$h0203
=CAT  \\$aWR15_122$c20151024$lBLL01$h1932
=FIN  \\$aY$d20150423
=LKR  \\$aPAR$lBLL01$r776$b000249878$mJüdische Literaturbriefe /$nJüdische Literaturbriefe /
=DGM  \\$a000249878$bCatBridge variable field
=DRT  \\$aGOOGLEBOOKS
=SRC  \\$aGOOGLEBOOKS$bGoogleBooks_20150422
=OHC  \\$a1
=LAS  \\$aWR15_122$b00$c20151024$lBLL01$h1932

