=LDR  01845 am a22004695a 4500
=001  017168712
=003  Uk
=005  20200626190216.0
=007  cr\mn\024mpada
=008  120515s1870\\\\gw\\\\\\s\\\\\000\0\ger\d
=FMT  \\$a  BK
=019  x\$a2822560315
=040  \\$aUk$beng$cUk
=100  1\$aRothschild, David,$d1816-1892.
=245  14$aDer Synagogal-Cultus :$bin historisch-kritischer Entwickelung /$cpopulär dargestellt von Dr. Rothschild.
=264  \1$aAlzey :$bJoseph Weiss,$c1870.
=300  \\$aTh. 1 ;$c(8º)
=336  \\$atext$2rdacontent
=337  \\$acomputer$2rdamedia
=338  \\$aonline$2rdacarrier
=650  \0$aJudaism$xLiturgy.
=720  1\$aRothschild,$cRabbiner in Alzey.
=752  \\$aGermany$dAlzey.
=856  40$3HathiTrust Digital Library Full view$uhttp://catalog.hathitrust.org/api/volumes/oclc/81496826.html
=856  41$uhttp://books.google.co.uk/books?vid=BL:A0019032950$yGoogle_Books
=859  \\$aXLD$bGOOGLEBOOKS
=852  4\$cDRT$jDigital Store 4034.e.62.$aBritish Library$bHMNTS
=985  \\$aCorrected by MS generated file for WR# 11.211
=985  \\$aCorrected by MS generated file for WR# 1805-0738
=CAT  \\$aBATCH-DCW$b00$c20150423$lBLL01$h0203
=CAT  \\$aBATCH-UPD$b00$c20150423$lBLL01$h0207
=CAT  \\$aWR15_122$c20151024$lBLL01$h1932
=CAT  \\$a1805-0738$c20190104$lBLL01$h1806
=CAT  \\$a1805-0738$b00$c20190104$lBLL01$h1848
=CAT  \\$aW2001-2376$c20200626$lBLL01$h1902
=FIN  \\$aY$d20150423
=LKR  \\$aPAR$lBLL01$r776$b003169674$mDer Synagogal-Cultus : in historisch-kritischer Entwickelung /$nDer Synagogal-Cultus : in historisch-kritischer Entwickelung /
=DGM  \\$a003169674$bCatBridge variable field
=DRT  \\$aGOOGLEBOOKS
=SRC  \\$aGOOGLEBOOKS$bGoogleBooks_20150422
=OHC  \\$a1
=LAS  \\$aW2001-2376$b00$c20200626$lBLL01$h1902

