=LDR  01704 am a22004455a 4500
=001  017168729
=003  Uk
=005  20150423020314.0
=007  cr\mn\024mpada
=008  900222s1843\\\\gw\\\\\|s\\\\\00|\0|ger\\
=FMT  \\$a  BK
=019  x\$a2883050325
=040  \\$aUk$beng$cUk
=050  \4$aDS141$b.S25 1843
=082  04$a296.0903$222/ger
=100  1\$aSalomon, Gotthold,$d1784-1862.
=245  10$aBruno Bauer und seine gehaltlose Kritik über die Judenfrage /$cvon Gotthold Salomon.
=260  \\$aHamburg :$bPerthes-Besser & Mauke,$c1843.
=300  \\$aviii, 143 pages ;$c21 cm
=336  \\$atext$2rdacontent
=337  \\$acomputer$2rdamedia
=338  \\$aonline$2rdacarrier
=504  \\$aIncludes bibliographical references.
=600  10$aBauer, Bruno,$d1809-1882.$tJudenfrage.
=650  \0$aJewish question.
=752  \\$aGermany$dHamburg.
=856  40$3HathiTrust Digital Library Full view$uhttp://catalog.hathitrust.org/api/volumes/oclc/40419532.html
=856  41$uhttp://books.google.co.uk/books?vid=BL:A0019032904$yGoogle_Books
=859  \\$aXLD$bGOOGLEBOOKS
=852  4\$cDRT$jDigital Store 4034.e.9.$aBritish Library$bHMNTS
=985  \\$aCorrected by BSS-generated file for WR# 10/107
=CAT  \\$aBATCH-DCW$b00$c20150423$lBLL01$h0203
=CAT  \\$aWR15_122$c20151024$lBLL01$h1932
=FIN  \\$aY$d20150423
=LKR  \\$aPAR$lBLL01$r776$b003233684$mBruno Bauer und seine gehaltlose Kritik über die Judenfrage /$nBruno Bauer und seine gehaltlose Kritik über die Judenfrage /
=DGM  \\$a003233684$bCatBridge variable field
=DRT  \\$aGOOGLEBOOKS
=SRC  \\$aGOOGLEBOOKS$bGoogleBooks_20150422
=OHC  \\$a1
=LAS  \\$aWR15_122$b00$c20151024$lBLL01$h1932

