=LDR  01915 am a2200481 a 4500
=001  016791900
=003  Uk
=005  20140721020228.0
=007  cr\mn\024mpada
=008  890127s1859\\\\gw\\\\\|s\\\\\00|\0|ger\\
=FMT  \\$a  BK
=019  x\$a1714300161
=040  \\$aUk$beng$cUk
=043  \\$ae-po---$ae-sp---
=050  \4$aPQ6078$b.K3
=082  04$a861.09
=100  1\$aKayserling, Meyer,$d1829-1905.
=245  10$aSephardim :$bromanische Poesien der Juden in Spanien /$cein Beitrag zur Literatur und Geschichte der Spanisch-Portugiesischen Juden.
=260  \\$aLeipzig :$bH. Mendelssohn,$c1859.
=300  \\$axii, 370 pages, 1 leaf ;$c23 cm
=336  \\$atext$2rdacontent
=337  \\$acomputer$2rdamedia
=338  \\$aonline$2rdacarrier
=650  \0$aJews$zPortugal$xIntellectual life.
=650  \0$aJews$zSpain$xIntellectual life.
=650  \0$aJudaism and literature$zPortugal.
=650  \0$aJudaism and literature$zSpain.
=650  \0$aPortuguese poetry$xJewish authors$xHistory and criticism.
=650  \0$aSpanish poetry$xJewish authors$xHistory and criticism.
=752  \\$aGermany$dLeipzig.
=856  40$3HathiTrust Digital Library Limited view (search only)$uhttp://catalog.hathitrust.org/api/volumes/oclc/1654554.html
=856  41$uhttp://books.google.com/books?vid=BL:A0018204574$yGoogle_Books
=859  \\$aXLD$bGOOGLEBOOKS
=852  4\$cDRT$jDigital Store 11850.g.3.$aBritish Library$bHMNTS
=985  \\$aCorrected by BSS-generated file for WR# 10/107
=CAT  \\$aBATCH-DCW$b00$c20140721$lBLL01$h0202
=FIN  \\$aY$d20140721
=LKR  \\$aPAR$lBLL01$r776$b001936589$mSephardim : romanische Poesien der Juden in Spanien /$nSephardim : romanische Poesien der Juden in Spanien /
=DGM  \\$a001936589$bCatBridge variable field
=DRT  \\$aGOOGLEBOOKS
=SRC  \\$aGOOGLEBOOKS$bGoogleBooks_20140720
=OHC  \\$a1
=LAS  \\$aBATCH-DCW$b00$c20140721$lBLL01$h0202

