=LDR  02392 am a2200421 a 4500
=001  016842383
=003  Uk
=005  20140830020152.0
=007  cr\mn\024mpada
=008  890426s1810\\\\enk\\\\|s\\\\o00|\0|eng\\
=FMT  \\$a  BK
=019  x\$a2072420326
=040  \\$aUk$beng$cUk
=043  \\$aa-ii---
=245  02$aA short narrative of the circumstances attending the late trials in the Supreme Court of Judicature at Madras :$bfor forgery, perjury, and conspiracy to cheat, with some comments on the unjustifiable allusions made to them in the recent official pamphlet in defence of the Madras Government.
=260  \\$aLondon :$bJ. Ridgway,$c1810.
=300  \\$aii, 98 p. ;$c22 cm.
=336  \\$atext$2rdacontent
=337  \\$acomputer$2rdamedia
=338  \\$aonline$2rdacarrier
=600  10$aBarlow, George Hilaro,$d1762-1846$vTrials, litigation, etc.
=600  10$aReddy Row, Roya$vTrials, litigation, etc.
=650  \0$aTrials (Forgery)$zIndia$zChennai.
=710  1\$aMadras (India : Presidency).$bHigh Court of Judicature.
=856  40$uhttp://galenet.galegroup.com/servlet/MMLT?af=RN&ae=Q4200497830&srchtp=a&ste=14&locID=ucblaw_boalt$zFull text available via Making of Modern Law : Trials
=856  41$uhttp://books.google.com/books?vid=BL:A0017585345$yGoogle_Books
=859  \\$aXLD$bGOOGLEBOOKS
=852  4\$cDRT$jDigital Store 05319.g.48.$aBritish Library$bHMNTS
=985  \\$aCorrected by BSS-generated file
=985  \\$aCorrected by BSS-generated file for WR# 11/216
=CAT  \\$aBATCH-DCW$b00$c20140830$lBLL01$h0201
=FIN  \\$aY$d20140830
=LKR  \\$aPAR$lBLL01$r776$b002337481$mA short narrative of the circumstances attending the late trials in the Supreme Court of Judicature at Madras : for forgery, perjury, and conspiracy to cheat, with some comments on the unjustifiable allusions made to them in the recent official pamphlet in defence of the Madras Government.$nA short narrative of the circumstances attending the late trials in the Supreme Court of Judicature at Madras : for forgery, perjury, and conspiracy to cheat, with some comments on the unjustifiable allusions made to them in the recent official pamphlet in defence of the Madras Government.
=DGM  \\$a002337481$bCatBridge variable field
=DRT  \\$aGOOGLEBOOKS
=SRC  \\$aGOOGLEBOOKS$bGoogleBooks_20140829
=OHC  \\$a2
=LAS  \\$aBATCH-DCW$b00$c20140830$lBLL01$h0201

