=LDR  01897 am a2200493 a 4500
=001  017067653
=003  Uk
=005  20150213020221.0
=007  cr\mn\024mpada
=008  900618s1845\\\\gw\\\\\|s\\\\\00|\1|ger\\
=FMT  \\$a  BK
=019  x\$a3223410163
=040  \\$aUk$beng$cUk
=082  04$a296.09$222/ger
=082  04$a383.3$bT252b2
=245  04$aDas Buch der Sagen und Legenden jüdischer Vorzeit /$cnach den Quellen bearbeitet nebst Anmerkungen und Erläuterungen.
=250  \\$aZweite vermehrte Auflage.
=264  \1$aStuttgart :$bCast,$c1845.
=300  \\$axii, 335 pages ;$c(8º)
=336  \\$atext$2rdacontent
=337  \\$acomputer$2rdamedia
=338  \\$aonline$2rdacarrier
=340  \\$m8vo$2rdabf
=650  \0$aGerman poetry$xTranslations from Hebrew.
=650  \0$aJewish legends.
=700  1\$aTendlau, Abraham M.,$ecompiler and contributor.
=720  1\$aTendlau, Abraham Moses,$d1802-1878.
=856  40$uhttp://judaica-frankfurt.de/urn/urn:nbn:de:hebis:30:1-103805$xDigitalisierung
=856  41$uhttp://books.google.co.uk/books?vid=BL:A0018469238$yGoogle_Books
=859  \\$aXLD$bGOOGLEBOOKS
=852  4\$cDRT$jDigital Store 11521.e.9.$aBritish Library$bHMNTS
=985  \\$aCorrected by BSS-generated file for WR# 10/107
=985  \\$aCorrected by MS generated file for WR# 1805-0738
=CAT  \\$aBATCH-DCW$b00$c20150213$lBLL01$h0202
=CAT  \\$aWR15_122$c20151024$lBLL01$h1920
=CAT  \\$a1805-0738$c20190104$lBLL01$h1759
=CAT  \\$a1805-0738$b00$c20190104$lBLL01$h1844
=FIN  \\$aY$d20150213
=LKR  \\$aPAR$lBLL01$r776$b003598001$mDas Buch der Sagen und Legenden jüdischer Vorzeit /$nDas Buch der Sagen und Legenden jüdischer Vorzeit /
=DGM  \\$a003598001$bCatBridge variable field
=DRT  \\$aGOOGLEBOOKS
=SRC  \\$aGOOGLEBOOKS$bGoogleBooks_20150212
=OHC  \\$a1
=LAS  \\$a1805-0738$b00$c20190104$lBLL01$h1844

