=LDR  02478 am a2200589   4500
=001  018051295
=003  Uk
=005  20161008020329.0
=007  cr\mn\024mpada
=008  830113s1767\\\\xxu||||\s\\\\\00|\|\eng\c
=FMT  \\$a  BK
=035  \\$a(CU-RivES)W12709
=035  \\$a(Uk-ES)006430209
=040  \\$aMWA$cMWA$dCU-RivES$dCStRLIN
=100  1\$aRowe, Elizabeth Singer,$d1674-1737.
=245  14$aThe history of Joseph;$ba poem. In ten books. By a female hand. To which is added, The hermit; a poem: and an essay on creation.
=264  \1$aPhiladelphia :$bPrinted and sold by David Hall, and William Sellers,$c1767.
=300  \\$a[2], 66 pages ;$c8º
=336  \\$atext$2rdacontent
=337  \\$acomputer$2rdamedia
=338  \\$aonline$2rdacarrier
=340  \\$m8vo$2rdabf
=500  \\$aAttributed to Elizabeth Rowe in the Dictionary of national biography.
=509  \\$aSignatures: pi1 A-D⁸ E1
=510  4\$aEvans,$c10760
=510  4\$aHildeburn, C.R. Pennsylvania,$c2320
=600  00$aJoseph$c(Son of Jacob)$vPoetry.
=648  \7$a1635-1800$2local
=650  \4$aWomen as authors.
=655  \7$aPoems$y1767.$2rbgenr
=700  1\$aHall, David,$d1714-1772,$eprinter.
=700  1\$aParnell, Thomas,$d1679-1718.$tHermit.
=700  1\$aSellers, William,$d1725?-1804,$eprinter.
=730  02$aEssay on creation.
=752  \\$aUnited States$bPennsylvania$dPhiladelphia.
=859  \\$aXLD$bGOOGLEBOOKS
=856  41$uhttp://books.google.com/books?vid=BL:A0021649191$yGoogle_Books
=856  41$uhttp://opac.newsbank.com/select/evans/10760
=852  4\$cDRT$jDigital Store RB.23.a.31566$aBritish Library$bHMNTS
=985  \\$aCorrected by MS generated file for WR# 1805-0738
=CAT  \\$aBATCH-DCW$b00$c20161008$lBLL01$h0203
=CAT  \\$aWR14_057$b00$c20170504$lBLL01$h1846
=CAT  \\$aR1710-0956$b00$c20171102$lBLL01$h1904
=CAT  \\$a1805-0738$c20190104$lBLL01$h1835
=CAT  \\$a1805-0738$b00$c20190104$lBLL01$h1914
=FIN  \\$aY$d20161008
=LKR  \\$aPAR$lBLL01$r776$b015310116$mThe history of Joseph; a poem. In ten books. By a female hand. To which is added, The hermit; a poem: and an essay on creation.$nThe history of Joseph; a poem. In ten books. By a female hand. To which is added, The hermit; a poem: and an essay on creation.
=DGM  \\$a015310116$bCatBridge variable field
=DRT  \\$aGOOGLEBOOKS
=SRC  \\$aGOOGLEBOOKS$bGoogleBooks_20161007
=OHC  \\$a1
=LAS  \\$a1805-0738$b00$c20190104$lBLL01$h1914

