=LDR  03728 am a2200685   4500
=001  018148940
=003  Uk
=005  20161220020200.0
=007  cr\mn\024mpada
=008  821122s1739\\\\xxu||||\s\\\\\00|\|\eng\c
=FMT  \\$a  BK
=035  \\$a(CU-RivES)W37746
=035  \\$a(Uk-ES)006463560
=040  \\$aMWA$cMWA$dCU-RivES$dCStRLIN
=100  1\$aPhillips, Samuel,$d1690-1771.
=245  10$aChildren well imployed, and, Jesus much delighted: or, The hosannahs of Zion's children, highly pleasing to Zion's King:$ba plain discourse lately preach'd to the children of the South-Parish in Andover: and now dedicated to their use: by Samuel Phillips, M.A. and V.D.M. Published at the desire of many of his hearers, both parents and children. [Six lines of Scripture texts]
=264  \1$aBoston :$bPrinted by S. Kneeland, and T. Green, for D. Henchman, in Cornhill,$c1739.
=300  \\$a[4], vi, 109, [1] pages ;$c12º
=336  \\$atext$2rdacontent
=337  \\$acomputer$2rdamedia
=338  \\$aonline$2rdacarrier
=340  \\$m12mo$2rdabf
=500  \\$a"A prayer for children."--p. 97-99.
=500  \\$a"Advice to heads of families."--p. 85-97.
=500  \\$a"Divine songs for children [by Isaac Watts]"--p. 99-109.
=500  \\$a"Erratum."--p. 109.
=500  \\$aCaption title: The children's hosannahs highly pleasing to our great Saviour.
=500  \\$aHalf-title: Mr. Phillips's sermon on the children's hosannahs.
=509  \\$aSignatures: A-K⁶ (K6 verso blank)
=510  4\$aEvans,$c4413
=648  \7$a1635-1800$2local
=650  \0$aChildren$xReligious life.
=650  \0$aChristian life.
=655  \7$aChildren's sermons$y1739.$2rbgenr
=655  \7$aJuvenile literature$y1739.$2rbgenr
=655  \7$aPrayers.$2rbgenr
=655  \7$aSongs.$2rbgenr
=700  1\$aGreen, Timothy,$d1703-1763,$eprinter.
=700  1\$aHenchman, Daniel,$d1689-1761,$ebookseller.
=700  1\$aKneeland, Samuel,$d1697-1769,$eprinter.
=700  1\$aWatts, Isaac,$d1674-1748.$tDivine songs.$kSelections.
=710  24$aConnecticut Historical Society,$eformer owner.$5MWA.
=752  \\$aUnited States$bMassachusetts$dBoston.
=859  \\$aXLD$bGOOGLEBOOKS
=856  41$uhttp://books.google.com/books?vid=BL:A0022026798$yGoogle_Books
=856  41$uhttp://opac.newsbank.com/select/evans/4413
=852  4\$cDRT$jDigital Store RB.23.a.30782$aBritish Library$bHMNTS
=985  \\$aCorrected by MS generated file for WR# 1805-0738
=CAT  \\$aBATCH-DCW$b00$c20161220$lBLL01$h0202
=CAT  \\$aWR14_057$b00$c20170504$lBLL01$h1850
=CAT  \\$aR1710-0956$b00$c20171108$lBLL01$h1744
=CAT  \\$a1805-0738$c20190111$lBLL01$h1753
=CAT  \\$a1805-0738$b00$c20190111$lBLL01$h1819
=FIN  \\$aY$d20161220
=LKR  \\$aPAR$lBLL01$r776$b015310117$mChildren well imployed, and, Jesus much delighted: or, The hosannahs of Zion's children, highly pleasing to Zion's King: a plain discourse lately preach'd to the children of the South-Parish in Andover: and now dedicated to their use: by Samuel Phillips, M.A. and V.D.M. Published at the desire of many of his hearers, both parents and children. [Six lines of Scripture texts]$nChildren well imployed, and, Jesus much delighted: or, The hosannahs of Zion's children, highly pleasing to Zion's King: a plain discourse lately preach'd to the children of the South-Parish in Andover: and now dedicated to their use: by Samuel Phillips, M.A. and V.D.M. Published at the desire of many of his hearers, both parents and children. [Six lines of Scripture texts]
=DGM  \\$a015310117$bCatBridge variable field
=DRT  \\$aGOOGLEBOOKS
=SRC  \\$aGOOGLEBOOKS$bGoogleBooks_20161219
=OHC  \\$a1
=LAS  \\$a1805-0738$b00$c20190111$lBLL01$h1819

