=LDR  02575 am a22005173  4500
=001  016826407
=003  Uk
=005  20201127183530.0
=007  cr\mn\024mpada
=008  871210|1824|||||||\\\\|s\\\\||||\||lat\\
=FMT  \\$a  BK
=019  x\$a0300700148
=040  \\$aUk$cUk
=130  0\$aBible.New Testament. Selections. Serbocroatian
=245  10$aОгледи Светога Писма на Српском језику. Versionis Novi Testamenti Serbicae specimina auctore W. S. Karadschitsch. Praefatus est I. S. Vater.
=264  \1$aVindobonae, у Липисци,$c1824.
=300  \\$a25 pages ;$c(8º)
=336  \\$atext$2rdacontent
=337  \\$acomputer$2rdamedia
=338  \\$aonline$2rdacarrier
=340  \\$m8vo$2rdabf
=500  \\$aThere is also a second titlepage reading: "В. С. Караџића ... огледи Светога Писма на Српском језику.".
=700  1\$aKaradžić, Vuk Stefanović,$d1787-1864.
=700  1\$aVater, Johann Severin,$d1771-1826.
=856  \\$uhttp://digital.nb.rs/direct/S-II-1758
=856  41$uhttp://books.google.com/books?vid=BL:A0017100820$yGoogle_Books
=859  \\$aXLD$bGOOGLEBOOKS
=886  2\$2blmarc$a709$b00$aKARADŽIĆ$hVuk Stefanović$p3061.bb.2.$x1710270233
=886  2\$2blmarc$a709$b00$aVATER$hJohann Severin$p3061.bb.2.$x3372370007
=883  0\$aLanguage codes assigned by Bayesian analysis of words present in record$d20201028$qUk$c0.9010
=852  4\$cDRT$jDigital Store 3061.bb.2.$aBritish Library$bHMNTS
=985  \\$aCorrected by MS generated file for WR# 11/211
=985  \\$aCorrected by MS generated file for WR# 1805-0738
=985  \\$aUpgraded by BSS-generated file for WR2011-1472
=CAT  \\$aBATCH-DCW$b00$c20140817$lBLL01$h0202
=CAT  \\$a6550$b40$c20170725$lBLL01$h1451
=CAT  \\$a1805-0738$c20181228$lBLL01$h1845
=CAT  \\$a1805-0738$b00$c20181228$lBLL01$h1928
=CAT  \\$aW2011-1472$b00$c20201127$lBLL01$h1835
=FIN  \\$aY$d20140817
=LKR  \\$aPAR$lBLL01$r776$b000333314$mОгледи Светога Писма на Српском језику. Versionis Novi Testamenti Serbicae specimina auctore W. S. Karadschitsch. Praefatus est I. S. Vater.$nОгледи Светога Писма на Српском језику. Versionis Novi Testamenti Serbicae specimina auctore W. S. Karadschitsch. Praefatus est I. S. Vater.
=DGM  \\$a000333314$bCatBridge variable field
=DRT  \\$aGOOGLEBOOKS
=SRC  \\$aGOOGLEBOOKS$bGoogleBooks_20140816
=OHC  \\$a1
=LAS  \\$aW2011-1472$b00$c20201127$lBLL01$h1835

