=LDR  02789 am a22006493  4500
=001  017042171
=003  Uk
=005  20201127183732.0
=007  cr\mn\024mpada
=008  820629s1869\\\\ru\\\\\\\\\\\\000\0\rus\d
=FMT  \\$a  BK
=019  x\$a3180790075
=035  \\$a(OCoLC)22551960$z(OCoLC)29834750
=040  \\$aZCL$beng$cZCL$dCUY$dOCLCG$dUKMGB$dOCLCQ$dOCLCF$dOCLCQ$dOCLCO$dOCLCQ$dUk
=100  1\$aFlerovskiĭ, N.,$d1829-1918.
=240  10$aSvoboda rechi, terpimostʹ i nashi zakony o pechati
=245  10$6880-01$aSvoboda ri︠e︡chi, terpimostʹ i nashi zakony o pechati.
=250  \\$a2nd edition
=260  \\$6880-02$aS.-Peterburg :$bTip. N. Nekli︠u︡dova,$c1870.
=300  \\$aiv, v, 254 pages ;$c22 cm
=336  \\$atext$2rdacontent
=337  \\$acomputer$2rdamedia
=338  \\$aonline$2rdacarrier
=650  \0$aFreedom of speech.
=650  \0$aPress law$zSoviet Union.
=650  \7$aFreedom of speech.$2fast$0(OCoLC)fst00934044
=650  \7$aPress law.$2fast$0(OCoLC)fst01075880
=651  \7$aSoviet Union.$2fast$0(OCoLC)fst01210281
=700  1\$aPOLYAKOV, N. P.
=720  \\$aSVOBODA$emain entry
=856  41$uhttp://books.google.com/books?vid=BL:A0021707249
=880  10$6245-01$aСвобода рѣчи, терпимость и наши законы о печати.
=880  \\$6260-02$aС.-Петербург :$bТип. Н. Неклюдова,$c1869.
=856  41$uhttp://books.google.com/books?vid=BL:A0018394289$yGoogle_Books
=859  \\$aXLD$bGOOGLEBOOKS
=886  2\$2blmarc$a709$b00$aPOLYAKOV$hN. P.$p8094.aaa.60.$x2621890199
=883  0\$aLanguage codes assigned by Bayesian analysis of words present in record$d20201028$qUk$c0.9010
=852  4\$cDRT$jDigital Store 8094.aaa.60.$aBritish Library$bHMNTS
=985  \\$aCorrected by MS generated file for WR# 11/211
=985  \\$aCorrected by MS generated file for WR# 1805-0738
=985  \\$aUpgraded by BSS-generated file for WR2011-1472
=CAT  \\$aBATCH-DCW$b00$c20150205$lBLL01$h0201
=CAT  \\$aWR15_122$c20151024$lBLL01$h1918
=CAT  \\$a1805-0738$c20190104$lBLL01$h1758
=CAT  \\$a1805-0738$b00$c20190104$lBLL01$h1843
=CAT  \\$aW2001-2376$c20200626$lBLL01$h1854
=CAT  \\$a11937$b40$c20201021$lBLL01$h1004
=CAT  \\$a11937$b40$c20201021$lBLL01$h1005
=CAT  \\$a11937$b40$c20201021$lBLL01$h1007
=CAT  \\$aW2011-1472$b00$c20201127$lBLL01$h1837
=FIN  \\$aY$d20150205
=LKR  \\$aPAR$b003549790$lBLL01$r776$mSvoboda ri︠e︡chi, terpimostʹ i nashi zakony o pechati.$nSvoboda ri︠e︡chi, terpimostʹ i nashi zakony o pechati.
=DGM  \\$a003549790$bCatBridge variable field
=DRT  \\$aGOOGLEBOOKS
=SRC  \\$aGOOGLEBOOKS$bGoogleBooks_20150204
=OHC  \\$a1
=LAS  \\$aW2011-1472$b00$c20201127$lBLL01$h1837

