=LDR  02913 am a2200601   4500
=001  020252031
=003  Uk
=005  20210708111802.0
=007  cr\mn\024mpada
=008  791208s1750\\\\ne\\\\\\s\\\\\000\0\mul\c
=FMT  \\$a  BK
=019  x\$a2701400058
=035  \\$a(Uk-ES)006353539
=040  \\$aUk-ES$cUk-ES$dCU-RivES$dCStRLIN$dCU-RivES$dUk-ES$edcrmb
=041  1\$aeng$afre$hfre
=100  1\$aRamsay,$cChevalier$q(Andrew Michael),$d1686-1743.
=240  10$aVoyages de Cyrus.$lEnglish and French
=245  12$aA new Cyropaedia; or the travels of Cyrus.$bWith a discourse on the theology & mythology of the ancients;$cby Sr Andrew Ramsay.
=246  3\$aTravels of Cyrus
=250  \\$aA new edition with many emendations & additions.
=264  \1$aLondon [i.e. Netherlands] :$bprinted for T. Wilcox,$c[1750?]
=300  \\$axix, [1], 405, [1], 141, [1] p. ;$c(12⁰)
=336  \\$atext$2rdacontent
=337  \\$acomputer$2rdamedia
=338  \\$aonline$2rdacarrier
=340  \\$m12mo$2rdabf
=500  \\$a"A discourse upon the theology and mythology of the antients" and "A letter from Mr Freret ..." has its own pagination and register.
=500  \\$a"A discourse upon the theology and mythology of the antients" has its own half title page.
=500  \\$aSignatures: A-Z¹² 2A⁸.
=500  \\$aThe imprint is false; probably printed in the Netherlands.
=500  \\$aTitle page in red and black.
=500  \\$aWith an initial blank leaf.
=500  \\$aWritten in French and first published in Paris 1727.
=510  4\$aESTC,$cT83041
=546  \\$aParallel French and English texts, with a French title page.
=650  \0$aVoyages, Imaginary$vEarly works to 1800.
=700  1\$aWilcox, Thomas$c(Bookseller),$ebookseller.
=740  22$aA discourse upon the theology and mythology of the antients
=752  \\$aGreat Britain$bEngland$dLondon.
=856  41$uhttps://books.google.co.uk/books?id=b7Az5-RpLcsC$yGoogle Books$ahttps://books.google.co.uk/$zSource Library: British Library
=856  41$uhttps://books.google.co.uk/books?id=rPqV5e7Q1BQC$yGoogle Books$ahttps://books.google.co.uk/$zSource Library: British Library
=859  \\$aXLD$bGOOGLEBOOKS
=852  4\$cDRT$jDigital Store 1067.f.16.$aBritish Library$bHMNTS
=985  \\$aCorrected by BSS-generated file for WR# 11/211
=985  \\$aCorrected by MS generated file for WR# 1805-0738
=CAT  \\$aBATCH-DCW$b00$c20210708$lBLL01$h1118
=FIN  \\$aY$d20210708
=LKR  \\$aPAR$lBLL01$r776$b003036256$mA new Cyropaedia; or the travels of Cyrus. With a discourse on the theology & mythology of the ancients;$nA new Cyropaedia; or the travels of Cyrus. With a discourse on the theology & mythology of the ancients;
=DGM  \\$a003036256$bCatBridge variable field
=DRT  \\$aGOOGLEBOOKS
=SRC  \\$aGOOGLEBOOKS$bGoogleBooks_20210707
=OHC  \\$a1
=LAS  \\$aBATCH-DCW$b00$c20210708$lBLL01$h1118

