=LDR  02183 am a2200517   4500
=001  020339240
=003  Uk
=005  20211006020401.0
=007  cr\mn\024mpada
=008  820210s1768\\\\enkaf\\\s\\\\\000\1\eng\c
=FMT  \\$a  BK
=019  x\$a1661350291
=035  \\$a(Uk-ES)006403324
=040  \\$aUk-ES$cUk-ES$dCU-RivES$dCStRLIN$dCU-RivES$dUk-ES$edcrmb
=100  1\$aJobson$c(Cobler of Drury Lane)
=245  10$aCobleriana; or, The cobler's medley.$cBeing a choice collection of the miscellaneous pieces, in prose and verse, serious and comic, of Jobson the cobler, of Drury-Lane. ...
=246  3\$aCobler's medley
=264  \1$aLondon :$bprinted for J. Wilkie, in St. Paul's Church-Yard,$cMDCCLXVIII. [1768]
=300  \\$a2v., plate ;$c(12⁰)
=336  \\$atext$2rdacontent
=337  \\$acomputer$2rdamedia
=338  \\$aonline$2rdacarrier
=340  \\$m12mo$2rdabf
=500  \\$aJobson is a pseudonym.
=500  \\$aPrice from imprint in first volume: price five shillings. In second volume: Price five shillings only for both volumes.
=500  \\$aWith a frontispiece in the first volume.
=510  4\$aESTC,$cT136039
=650  \0$aEpistolary fiction, English$vEarly works to 1800.
=655  \7$aEpistolary novels.$2rbgenr
=700  1\$aWilkie, J.$q(John),$d-1785,$ebookseller.
=752  \\$aGreat Britain$bEngland$dLondon.
=856  41$uhttps://books.google.co.uk/books?id=2DTKmwquMi4C$yGoogle_Books$zVolume 2
=856  41$uhttps://books.google.co.uk/books?id=DldlYdVRreYC$yGoogle_Books$zVolume 1
=859  \\$aXLD$bGOOGLEBOOKS
=852  4\$cDRT$jDigital Store 1079.h.12.$aBritish Library$bHMNTS
=985  \\$aUpgraded by BSS-generated file for WR1910-0531
=CAT  \\$aBATCH-DCW$b00$c20210928$lBLL01$h0201
=CAT  \\$aBATCH-DCW$b00$c20211006$lBLL01$h0203
=FIN  \\$aY$d20210928
=LKR  \\$aPAR$lBLL01$r776$b001878035$mCobleriana; or, The cobler's medley.$nCobleriana; or, The cobler's medley.
=DGM  \\$a001878035$bCatBridge variable field
=DRT  \\$aGOOGLEBOOKS
=SRC  \\$aGOOGLEBOOKS$bGoogleBooks_20210927
=SRC  \\$aGOOGLEBOOKS$bGoogleBooks_20211005
=OHC  \\$a1
=LAS  \\$aBATCH-DCW$b00$c20211006$lBLL01$h0203

